@phdthesis{wenzel2002isabelle,
	title={Isabelle/Isar---a versatile environment for human-readable formal proof documents},
	author={Wenzel, Markus M},
	year={2002},
	school={Technische Universit{\"a}t M{\"u}nchen}
}

@book{barr1990category,
	title={Category theory for computing science},
	author={Barr, Michael and Wells, Charles},
	volume={49},
	year={1990},
	publisher={Prentice Hall New York}
}

@book{denecke2009universal,
	title={Universal algebra and coalgebra},
	author={Denecke, Klaus and Wismath, Shelly L},
	year={2009},
	publisher={World Scientific}
}

@article{rutten,
	title={The Method of Coalgebra: exercises in coinduction},
	author={Rutten, Jan},
	year={2019},
	publisher={Amsterdam: CWI}
}

@mastersthesis{traytel,
	document_type   = {Master's Thesis},
	timestamp       = {20110427},
	author          = {Dmytro Traytel},
	title           = {A category theory based (co)datatpye package for Isabelle/HOL},
	school          = {TUM},
	year            = {2012},
	type            = {Master Thesis},
	month           = {April},
	pdf             = {},
}

@inproceedings{blanchette2014cardinals,
	title={Cardinals in Isabelle/HOL},
	author={Blanchette, Jasmin Christian and Popescu, Andrei and Traytel, Dmitriy},
	booktitle={International Conference on Interactive Theorem Proving},
	pages={111--127},
	year={2014},
	organization={Springer}
}

@article{geuvers2007iteration,
	title={Iteration and primitive recursion in categorical terms},
	author={Geuvers, Herman and Poll, Erik},
	year={2007},
	publisher={Nijmegen: Radboud University Nijmegen}
}

@article{jacobs2005introduction,
	title={Introduction to coalgebra},
	author={Jacobs, Bart},
	journal={Towards mathematics of states and observations},
	year={2005}
}
