@inproceedings{leino,
	title={Co-induction simply},
	author={Leino, K Rustan M and Moskal, Micha{\l}},
	booktitle={International Symposium on Formal Methods},
	pages={382--398},
	year={2014},
	organization={Springer}
}

@inproceedings{blanchette,
	title={Truly modular (co) datatypes for Isabelle/HOL},
	author={Blanchette, Jasmin Christian and H{\"o}lzl, Johannes and Lochbihler, Andreas and Panny, Lorenz and Popescu, Andrei and Traytel, Dmitriy},
	booktitle={International Conference on Interactive Theorem Proving},
	pages={93--110},
	year={2014},
	organization={Springer}
}

@article{rutten,
	title={The Method of Coalgebra: exercises in coinduction},
	author={Rutten, Jan},
	year={2019},
	publisher={Amsterdam: CWI}
}

@inproceedings{sweden,
	title={Into the Infinite-Theory Exploration for Coinduction},
	author={Einarsd{\'o}ttir, S{\'o}lr{\'u}n Halla and Johansson, Moa and Pohjola, Johannes {\AA}man},
	booktitle={International Conference on Artificial Intelligence and Symbolic Computation},
	pages={70--86},
	year={2018},
	organization={Springer}
}

@misc{course,
	author        = {Jurriaan Rot, Aleks Kissinger},
	title         = {Lecture notes in Coalgebra },
	month         = {fall},
	year          = {2018},
	publisher={Radboud University}
}

@mastersthesis{mario,
	document_type   = {Bachelor's Thesis},
	timestamp       = {20110427},
	author          = {Mario Rom√°n},
	title           = {Category Theory and Lambda Calculus},
	school          = {Universidad de Granada},
	year            = {2018},
	type            = {Bachelor Thesis},
	month           = {June},
	pdf             = {https://github.com/mroman42/ctlc},
}

@book{leinster,
	title={Basic category theory},
	author={Leinster, Tom},
	volume={143},
	year={2014},
	publisher={Cambridge University Press}
}

@misc{cookbook,
	title = {Isabelle Programming Tutorial},
	howpublished = {\url{https://nms.kcl.ac.uk/christian.urban/Cookbook/}},
	note = {Accessed: 2019-10-25}
}

@misc{implementation,
	title={The Isabelle/Isar Implementation},
	author={Wenzel, Makarius and Haftmann, Florian and Paulson, Larry},
	year={2013}
}

@mastersthesis{traytel,
	document_type   = {Master's Thesis},
	timestamp       = {20110427},
	author          = {Dmytro Traytel},
	title           = {A category theory based (co)datatpye package for Isabelle/HOL},
	school          = {TUM},
	year            = {2012},
	type            = {Master Thesis},
	month           = {April},
	pdf             = {},
}

@article{smyth1982category,
	title={The category-theoretic solution of recursive domain equations},
	author={Smyth, Michael B and Plotkin, Gordon D},
	journal={SIAM Journal on Computing},
	volume={11},
	number={4},
	pages={761--783},
	year={1982},
	publisher={SIAM}
}

@article{jacobs2005introduction,
	title={Introduction to coalgebra},
	author={Jacobs, Bart},
	journal={Towards mathematics of states and observations},
	year={2005}
}

@MISC {3463047,
	TITLE = {Construction of an initial algebra from a weakly initial algebra},
	AUTHOR = {Marc Olschok (https://math.stackexchange.com/users/19950/marc-olschok)},
	HOWPUBLISHED = {Mathematics Stack Exchange},
	NOTE = {URL:https://math.stackexchange.com/q/3463047 (version: 2019-12-04)},
	EPRINT = {https://math.stackexchange.com/q/3463047},
	URL = {https://math.stackexchange.com/q/3463047}
}

@book{barr1990category,
	title={Category theory for computing science},
	author={Barr, Michael and Wells, Charles},
	volume={49},
	year={1990},
	publisher={Prentice Hall New York}
}

@MISC {642184,
	TITLE = {Does free functor preserve monomorphism?},
	AUTHOR = {ashpool (https://math.stackexchange.com/users/4341/ashpool)},
	HOWPUBLISHED = {Mathematics Stack Exchange},
	NOTE = {URL:https://math.stackexchange.com/q/642184 (version: 2014-01-19)},
	EPRINT = {https://math.stackexchange.com/q/642184},
	URL = {https://math.stackexchange.com/q/642184}
}

@book{denecke2009universal,
	title={Universal algebra and coalgebra},
	author={Denecke, Klaus and Wismath, Shelly L},
	year={2009},
	publisher={World Scientific}
}

@article{geuvers2007iteration,
	title={Iteration and primitive recursion in categorical terms},
	author={Geuvers, Herman and Poll, Erik},
	year={2007},
	publisher={Nijmegen: Radboud University Nijmegen}
}


