@article{milner1984use,
	title={The use of machines to assist in rigorous proof},
	author={Milner, Robin},
	journal={Philosophical Transactions of the Royal Society of London. Series A, Mathematical and Physical Sciences},
	volume={312},
	number={1522},
	pages={411--422},
	year={1984},
	publisher={The Royal Society London}
}

@misc{presentation,
	author = {Rodrigo Raya},
	title = {Presentation of the paper "The use of machines to assist in rigorous proof"},
	howpublished = "\url{https://github.com/rjraya/SAV/blob/master/presentation/presentation.pdf}",
	year = {2017}, 
	note = "[Online; accessed 01-01-2017]"
}

@phdthesis{wenzel2002isabelle,
	title={Isabelle/Isar---a versatile environment for human-readable formal proof documents},
	author={Wenzel, Markus M},
	year={2002},
	school={Technische Universit{\"a}t M{\"u}nchen}
}

@misc{cookbook,
	author = {Christian Urban},
	title = {The Isabelle Cookbook},
	howpublished = "\url{https://nms.kcl.ac.uk/christian.urban/Cookbook/}",
	year = {2019}, 
	note = "[Online; accessed 01-01-2017]"
}

@article{wolff2019my,
	title={My Personal, Ecclectic Isabelle Programming Manual},
	author={Wolff, Burkhart},
	year={2019}
}

@misc{associativity,
	author = {Rodrigo Raya},
	title = {Proof of associativity for elliptic Edwards curves},
	howpublished = "\url{https://github.com/rjraya/Isabelle/blob/master/curves/Hales.thy}",
	year = {2019}, 
	note = "[Online; accessed 01-01-2017]"
}

@article{noschinskipattern,
	title={Pattern-based Subterm Selection in Isabelle},
	author={Noschinski, Lars and Traut, Christoph}
}

@misc{explore,
	title = {Explore finished theories in Isabelle},
	howpublished = "\url{https://stackoverflow.com/questions/55028386/explore-finished-theories-in-isabelle}",
	year = {2019}, 
	note = "[Online; accessed 01-01-2017]"
}

@misc{navigate,
	title = {Exploring ML files in Isabelle},
	howpublished = "\url{https://stackoverflow.com/questions/59091016/exploring-ml-files-in-isabelle}",
	year = {2019}, 
	note = "[Online; accessed 01-01-2017]"
}

@misc{sines,
	author = {Manuel Eberl},
	title = {Rewriting sine using simprocs in Isabelle},
	howpublished = "\url{https://stackoverflow.com/questions/58859417/rewriting-sine-using-simprocs-in-isabelle}",
	year = {2019}, 
	note = "[Online; accessed 01-01-2017]"
}

@misc{sineimplementation,
	author = {Rodrigo Raya},
	title = {Sine tactic implementation},
	howpublished = "\url{https://github.com/rjraya/Tactics/blob/master/Experiment3.thy}",
	year = {2019}, 
	note = "[Online; accessed 01-01-2017]"
}

@book{barr1990category,
	title={Category theory for computing science},
	author={Barr, Michael and Wells, Charles},
	volume={49},
	year={1990},
	publisher={Prentice Hall New York}
}

@book{denecke2009universal,
	title={Universal algebra and coalgebra},
	author={Denecke, Klaus and Wismath, Shelly L},
	year={2009},
	publisher={World Scientific}
}

@article{rutten,
	title={The Method of Coalgebra: exercises in coinduction},
	author={Rutten, Jan},
	year={2019},
	publisher={Amsterdam: CWI}
}

@mastersthesis{traytel,
	document_type   = {Master's Thesis},
	timestamp       = {20110427},
	author          = {Dmytro Traytel},
	title           = {A category theory based (co)datatpye package for Isabelle/HOL},
	school          = {TUM},
	year            = {2012},
	type            = {Master Thesis},
	month           = {April},
	pdf             = {},
}

@article{smyth1982category,
	title={The category-theoretic solution of recursive domain equations},
	author={Smyth, Michael B and Plotkin, Gordon D},
	journal={SIAM Journal on Computing},
	volume={11},
	number={4},
	pages={761--783},
	year={1982},
	publisher={SIAM}
}

@inproceedings{blanchette2014cardinals,
	title={Cardinals in Isabelle/HOL},
	author={Blanchette, Jasmin Christian and Popescu, Andrei and Traytel, Dmitriy},
	booktitle={International Conference on Interactive Theorem Proving},
	pages={111--127},
	year={2014},
	organization={Springer}
}

@inproceedings{blanchette2015foundational,
	title={Foundational extensible corecursion: a proof assistant perspective},
	author={Blanchette, Jasmin Christian and Popescu, Andrei and Traytel, Dmitriy},
	booktitle={ACM SIGPLAN Notices},
	volume={50},
	number={9},
	pages={192--204},
	year={2015},
	organization={ACM}
}


@misc{coq1,
	title={Towards a fix to the loss of subject reduction with corecursion?},
	howpublished = {\url{https://github.com/coq/coq/issues/6768}},
	year={2018}
}

@misc{coq2,
	title={Fix loss of positive coinductive SR by restricting return clauses},
	howpublished = {\url{https://github.com/coq/coq/pull/10764}},
	year={2019}
}

@misc{coq3,
	title={Deprecate positive coinductive types},
	howpublished = {\url{https://github.com/coq/coq/pull/7536}},
	year={2018}
}

@article{geuvers2007iteration,
	title={Iteration and primitive recursion in categorical terms},
	author={Geuvers, Herman and Poll, Erik},
	year={2007},
	publisher={Nijmegen: Radboud University Nijmegen}
}

@article{jacobs2005introduction,
	title={Introduction to coalgebra},
	author={Jacobs, Bart},
	journal={Towards mathematics of states and observations},
	year={2005}
}

@misc{boundednat,
	title={Operations on Bounded Natural Functors},
	howpublished = {\url{https://www.isa-afp.org/entries/BNF_Operations.html}},
	year={2017}
}

@misc{trinity,
	title={Computational trinitarianism},
	howpublished = {\url{https://ncatlab.org/nlab/show/computational+trinitarianism}},
	year={2017}
}

